@inproceedings{Lu:2011,
 author = {Lu, Bin and Ott, Myle and Cardie, Claire and Tsou, Benjamin K.},
 title = {Multi-aspect Sentiment Analysis with Topic Models},
 booktitle = {Proceedings of the 2011 IEEE 11th International Conference on Data Mining Workshops},
 series = {ICDMW '11},
 year = {2011},
 isbn = {978-0-7695-4409-0},
 pages = {81--88},
 numpages = {8},
 url = {http://dx.doi.org/10.1109/ICDMW.2011.125},
 doi = {10.1109/ICDMW.2011.125},
 acmid = {2119585},
 publisher = {IEEE Computer Society},
 address = {Washington, DC, USA},
 keywords = {multi-aspect sentiment analysis, topic modeling},
}

@misc{bollen:twitter,
Author = {Johan Bollen and Huina Mao and Xiao-Jun Zeng},
Title = {Twitter mood predicts the stock market},
Year = {2010},
Eprint = {arXiv:1010.3003},
Howpublished = {Journal of Computational Science, 2(1), March 2011, Pages 1-8},
Doi = {http://dx.doi.org/10.1016/j.jocs.2010.12.007},
}

@MastersThesis{azar:thesis,
    type 	=	{B.A. Thesis},
    author     =     {Pablo Daniel Azar},
    title     =     {Sentiment Analysis in Financial News},
    school     =     {Harvard College},
    address     =     {Cambridge, Massachusetts},
    year     =     {2009},
}
